@article{math.GT/0606318,
	Author = {Bar-Natan, Dror},
	Fjournal = {Journal of Knot Theory and its Ramifications},
	Issn = {0218-2165},
	Journal = {J. Knot Theory Ramifications},
	Mrclass = {57M25},
	Mrnumber = {MR2320156},
	Note = {\arxiv{math.GT/0606318} \mathscinet{MR2320156}},
	Number = {3},
	Pages = {243--255},
	Title = {Fast {K}hovanov homology computations},
	Url = {http://www.math.toronto.edu/~drorbn/papers/FastKh/},
	Volume = {16},
	Year = {2007},
	Bdsk-Url-1 = {http://www.math.toronto.edu/~drorbn/papers/FastKh/}}

@article{MR0908150,
	Author = {Vaughan F. R. Jones},
	Coden = {ANMAAH},
	Doi = {10.2307/1971403},
	Fjournal = {Annals of Mathematics. Second Series},
	Issn = {0003-486X},
	Journal = {Ann. of Math. (2)},
	Mrclass = {46L99 (20F36 22D25 46L35 46L55 57M25)},
	Mrnumber = {908150 (89c:46092)},
	Mrreviewer = {Pierre de la Harpe},
	Note = {\mathscinet{MR0908150} \doi{10.2307/1971403}},
	Number = {2},
	Pages = {335--388},
	Title = {Hecke algebra representations of braid groups and link polynomials},
	Url = {http://dx.doi.org/10.2307/1971403},
	Volume = {126},
	Year = {1987},
	Bdsk-Url-1 = {http://dx.doi.org/10.2307/1971403}}

@misc{math.GT/0401051,
    title={Minimum Braids: A Complete Invariant of Knots and Links},
    author={Thomas A. Gittings},
    year={2004},
    note={\arxiv{math.GT/040105}},
}